<record><leader>00000cas a22000007a 4500</leader><controlfield tag="001">23097523</controlfield><controlfield tag="008">910213d19231923couwr ne      0    0eng d</controlfield><datafield ind1=" " ind2=" " tag="010"><subfield code="a">sn 91052054 </subfield></datafield><datafield ind1=" " ind2=" " tag="040"><subfield code="a">CNQ</subfield><subfield code="b">eng</subfield><subfield code="c">CNQ</subfield><subfield code="d">OCLCQ</subfield></datafield><datafield ind1=" " ind2=" " tag="042"><subfield code="a">msc</subfield></datafield><datafield ind1="0" ind2=" " tag="130"><subfield code="a">Arvada sun (Arvada, Colo. : 1923)</subfield></datafield><datafield ind1="1" ind2="4" tag="245"><subfield code="a">The Arvada sun.</subfield></datafield><datafield ind1=" " ind2=" " tag="260"><subfield code="a">Arvada, Colo. :</subfield><subfield code="b">[C.M. Danford]</subfield></datafield><datafield ind1=" " ind2=" " tag="300"><subfield code="a">v.</subfield></datafield><datafield ind1=" " ind2=" " tag="310"><subfield code="a">Weekly</subfield></datafield><datafield ind1="0" ind2=" " tag="362"><subfield code="a">Vol. 23, no. 35 (Jan. 18, 1923)-</subfield></datafield><datafield ind1="1" ind2=" " tag="362"><subfield code="a">Ceased in 1923?</subfield></datafield><datafield ind1=" " ind2=" " tag="530"><subfield code="a">Available on microfilm from the Colorado Historical Society.</subfield></datafield><datafield ind1=" " ind2=" " tag="580"><subfield code="a">Issued with: Jefferson County republican and the Arvada sun, Jan. 18, 1923-Mar. 8, 1923.</subfield></datafield><datafield ind1=" " ind2=" " tag="752"><subfield code="a">United States</subfield><subfield code="b">Colorado</subfield><subfield code="c">Jefferson</subfield><subfield code="d">Arvada.</subfield></datafield><datafield ind1="1" ind2=" " tag="777"><subfield code="t">Jefferson County republican and the Arvada sun</subfield><subfield code="w">(DLC)sn 90051996</subfield></datafield><datafield ind1="0" ind2="7" tag="780"><subfield code="t">Jefferson County republican and the Arvada sun</subfield><subfield code="w">(DLC)sn 90051996</subfield></datafield><datafield ind1="0" ind2="4" tag="785"><subfield code="t">Arvada enterprise</subfield><subfield code="w">(DLC)sn 90051144</subfield></datafield></record>